<?xml version='1.0' encoding='UTF-8'?>
<record xmlns="http://www.loc.gov/MARC21/slim">
  <leader>01608cam a2200325   4500</leader>
  <controlfield tag="001">2747071</controlfield>
  <controlfield tag="003">NjP</controlfield>
  <controlfield tag="005">20171006173352.0</controlfield>
  <controlfield tag="008">860130s1970    iq h     b    000 0 ara  </controlfield>
  <datafield tag="024" ind1="7" ind2=" ">
    <subfield code="a">princeton_aco002392</subfield>
    <subfield code="2">local</subfield>
  </datafield>
  <datafield ind1=" " ind2=" " tag="010">
    <subfield code="a">   78962354 /NE </subfield>
  </datafield>
  <datafield ind1=" " ind2=" " tag="020">
    <subfield code="c">0.2ID</subfield>
  </datafield>
  <datafield ind1=" " ind2=" " tag="035">
    <subfield code="a">(OCoLC)ocm13083862</subfield>
  </datafield>
  <datafield ind1=" " ind2=" " tag="035">
    <subfield code="9">CND8352TS</subfield>
  </datafield>
  <datafield ind1=" " ind2=" " tag="040">
    <subfield code="a">DLC</subfield>
    <subfield code="c">IXA</subfield>
    <subfield code="d">IXA</subfield>
    <subfield code="d">PUL</subfield>
  </datafield>
  <datafield ind1=" " ind2=" " tag="050">
    <subfield code="a">DS38.1</subfield>
    <subfield code="b">.G45</subfield>
  </datafield>
  <datafield ind1="1" ind2=" " tag="100">
    <subfield code="a">Ghalābī, Muḥammad ibn Zakarīyā,</subfield>
    <subfield code="d">d. 910 or 11?</subfield>
  </datafield>
  <datafield ind1="1" ind2="0" tag="245">
    <subfield code="a">Waqʻat al-Jamal,</subfield>
    <subfield code="c">taʼlīf Muḥammad ibn Zakarīyā ibn Dīnār al-Ghalābī al-Baṣrī. Riwāyat Muḥammad ibn Yaḥyá ibn ʻAbd Allāh ibn al-ʻAbbās al-Ṣūlī. Taḥqīq Muḥammad Ḥasan Āl Yāsīn.</subfield>
  </datafield>
  <datafield ind1=" " ind2=" " tag="250">
    <subfield code="a">al-Ṭabʻah 1.</subfield>
  </datafield>
  <datafield ind1=" " ind2=" " tag="260">
    <subfield code="a">Baghdād,</subfield>
    <subfield code="b">Maṭbaʻat al-Maʻārif,</subfield>
    <subfield code="c">c1970.</subfield>
  </datafield>
  <datafield ind1=" " ind2=" " tag="300">
    <subfield code="a">64 p.</subfield>
    <subfield code="b">facsims.</subfield>
    <subfield code="c">25 cm.</subfield>
  </datafield>
  <datafield ind1=" " ind2="0" tag="440">
    <subfield code="a">Min nafāʼis makhṭūṭāt Dār al-Kutub al-Ẓāhirīyah fī Dimashq,</subfield>
    <subfield code="v">2</subfield>
  </datafield>
  <datafield ind1=" " ind2=" " tag="500">
    <subfield code="a">Includes facsimile reproduction of folios 135a-137a of ms. no. 129 (taṣawwuf) in Dār al-Kutub al-Ẓāhirīyah.</subfield>
  </datafield>
  <datafield ind1=" " ind2=" " tag="504">
    <subfield code="a">Bibliography: p. 63-64.</subfield>
  </datafield>
  <datafield ind1=" " ind2=" " tag="590">
    <subfield code="a">In Arabic.</subfield>
  </datafield>
  <datafield ind1=" " ind2="0" tag="650">
    <subfield code="a">Camel, Battle of the, Iraq, 656.</subfield>
    <subfield code="0">http://id.loc.gov/authorities/subjects/sh85019109</subfield>
  </datafield>
  <datafield ind1="1" ind2=" " tag="700">
    <subfield code="a">Ṣūlī, Muḥammad ibn Yaḥyá,</subfield>
    <subfield code="d">-approximately 947.</subfield>
    <subfield code="0">http://id.loc.gov/authorities/names/n83169468</subfield>
  </datafield>
  <datafield ind1="2" ind2=" " tag="700">
    <subfield code="a">Āl Yāsīn, Muḥammad Ḥasan,</subfield>
    <subfield code="e">editor.</subfield>
  </datafield>
  <datafield ind1="2" ind2=" " tag="710">
    <subfield code="a">Dār al-Kutub al-Ẓāhirīyah.</subfield>
    <subfield code="k">Mss.</subfield>
    <subfield code="n">(129 taṣawwuf)</subfield>
    <subfield code="0">http://id.loc.gov/authorities/names/n81042982</subfield>
  </datafield>
  <datafield ind1=" " ind2=" " tag="945">
    <subfield code="a">F</subfield>
    <subfield code="b">1</subfield>
    <subfield code="c">2269.376.395</subfield>
  </datafield>
  <datafield ind1=" " ind2=" " tag="911">
    <subfield code="a">20000130</subfield>
  </datafield>
  <datafield ind1="0" ind2="0" tag="852">
    <subfield code="0">3057761</subfield>
    <subfield code="b">nec</subfield>
    <subfield code="t">1</subfield>
    <subfield code="h">DS38.1</subfield>
    <subfield code="i">.G435 1970</subfield>
  </datafield>
  <datafield ind1=" " ind2=" " tag="959">
    <subfield code="a">2009-06-30 09:15:28 -0400</subfield>
  </datafield>
</record>
